<?xml version="1.0" encoding="UTF-8"?><collection xmlns="http://www.loc.gov/MARC21/slim"><record><leader>00514nam--2200133-i-4500</leader><controlfield tag="001">000026612</controlfield><controlfield tag="002">20161230</controlfield><controlfield tag="005">20161230201036</controlfield><controlfield tag="008">060222s1000------------r-----000-0-eng-d</controlfield><datafield ind1=" " ind2=" " tag="080"><subfield code="a">620.179.1(047.1):621.039.54(047.1)</subfield></datafield><datafield ind1=" " ind2=" " tag="100"><subfield code="a">Keepin, G.R., Bramblett, R.L.Si Higinbotham, W</subfield></datafield><datafield ind1=" " ind2=" " tag="245"><subfield code="a">Development of techniques and insstrumentation for nondestructive assay of fissionable materials and field assay experience</subfield></datafield><datafield ind1=" " ind2=" " tag="260"><subfield code="a">Upton, New York, Brookhaven National Laboratory, 1971, 10p.+ 9 P.Fig.Dif</subfield></datafield><datafield ind1=" " ind2=" " tag="852"><subfield code="a">39659</subfield></datafield></record></collection>